@inproceedings{zou2014improving,
  title={Improving log-based fault diagnosis by log classification},
  author={Zou, Deqing and Qin, Hao and Jin, Hai and Qiang, Weizhong and Han, Zongfen and Chen, Xueguang},
  booktitle={IFIP International Conference on Network and Parallel Computing},
  pages={446--458},
  year={2014},
  organization={Springer}
}

@inproceedings{rao2011identifying,
  title={Identifying faults in large-scale distributed systems by filtering noisy error logs},
  author={Rao, Xiang and Wang, Huaimin and Shi, Dianxi and Chen, Zhenbang and Cai, Hua and Zhou, Qi and Sun, Tingtao},
  booktitle={Dependable Systems and Networks Workshops (DSN-W), 2011 IEEE/IFIP 41st International Conference on},
  pages={140--145},
  year={2011},
  organization={IEEE}
}

@inproceedings{stelling1998fault,
  title={A fault detection service for wide area distributed computations},
  author={Stelling, Paul and Foster, Ian and Kesselman, Carl and Lee, Craig and Von Laszewski, Gregor},
  booktitle={High Performance Distributed Computing, 1998. Proceedings. The Seventh International Symposium on},
  pages={268--278},
  year={1998},
  organization={IEEE}
}

@article{shi2016integrated,
  title={An integrated data preprocessing framework based on Apache spark for fault diagnosis of power grid equipment},
  author={Shi, Weiwei and Zhu, Yongxin and Huang, Tian and Sheng, Gehao and Lian, Yong and Wang, Guoxing and Chen, Yufeng},
  journal={Journal of Signal Processing Systems},
  pages={1--16},
  year={2016},
  publisher={Springer}
}

@inproceedings{ghanta2017cloud,
  title={Cloud and Virtualization Based Log Management Service},
  author={Ghanta, Sai Rakesh and Mukherjee, Ayoush},
  booktitle={Advances in Computational Intelligence: Proceedings of International Conference on Computational Intelligence 2015},
  pages={211--219},
  year={2017},
  organization={Springer}
}

@inproceedings{hayashibara2002failure,
  title={Failure detectors for large-scale distributed systems},
  author={Hayashibara, Naohiro and Cherif, Adel and Katayama, Takuya},
  booktitle={Reliable Distributed Systems, 2002. Proceedings. 21st IEEE Symposium on},
  pages={404--409},
  year={2002},
  organization={IEEE}
}

@inproceedings{bertier2003performance,
  title={Performance Analysis of a Hierarchical Failure Detector.},
  author={Bertier, Marin and Marin, Olivier and Sens, Pierre and others},
  booktitle={DSN},
  volume={3},
  pages={635--644},
  year={2003}
}

@incollection{tamura2015software,
  title={Software reliability analysis considering the fault detection trends for big data on cloud computing},
  author={Tamura, Yoshinobu and Yamada, Shigeru},
  booktitle={Industrial Engineering, Management Science and Applications 2015},
  pages={1021--1030},
  year={2015},
  publisher={Springer}
}

@article{lou2010mining,
  title={Mining dependency in distributed systems through unstructured logs analysis},
  author={Lou, Jian-Guang and Fu, Qiang and Wang, Yi and Li, Jiang},
  journal={ACM SIGOPS Operating Systems Review},
  volume={44},
  number={1},
  pages={91--96},
  year={2010},
  publisher={ACM}
}

@inproceedings{lim2008log,
  title={A log mining approach to failure analysis of enterprise telephony systems},
  author={Lim, Chinghway and Singh, Navjot and Yajnik, Shalini},
  booktitle={Dependable Systems and Networks With FTCS and DCC, 2008. DSN 2008. IEEE International Conference on},
  pages={398--403},
  year={2008},
  organization={IEEE}
}

@inproceedings{tong2016approach,
  title={An Approach to Pinpointing Bug-Induced Failure in Logs of Open Cloud Platforms},
  author={Tong, Jia and Ying, Li and Hongyan, Tang and Zhonghai, Wu},
  booktitle={Cloud Computing (CLOUD), 2016 IEEE 9th International Conference on},
  pages={294--302},
  year={2016},
  organization={IEEE}
}

@article{yuandependability,
  title={Dependability Analysis on OpenStack IaaS Cloud},
  author={YUAN, Xiaoyong and LI, Ying and WU, Zhonghai and LIU, Tiancheng}
}

@inproceedings{yamanishi2005dynamic,
  title={Dynamic syslog mining for network failure monitoring},
  author={Yamanishi, Kenji and Maruyama, Yuko},
  booktitle={Proceedings of the eleventh ACM SIGKDD international conference on Knowledge discovery in data mining},
  pages={499--508},
  year={2005},
  organization={ACM}
}

@inproceedings{Musavi2016Reliabiligy,
  title={Experience Report: An Empirical Study of API Failures in OpenStack Cloud Environments},
  author={Pooya Musavi, Bram Adams, Foutse Khomh},
  booktitle={2016 IEEE 27th International Symposium on Software Reliability Engineering},
  pages={424--434},
  year={2016},
  organization={IEEE}
}

@inproceedings{xu2014pod,
  title={POD-Diagnosis: Error diagnosis of sporadic operations on cloud applications},
  author={Xu, Xiwei and Zhu, Liming and Weber, Ingo and Bass, Len and Sun, Daniel},
  booktitle={Dependable Systems and Networks (DSN), 2014 44th Annual IEEE/IFIP International Conference on},
  pages={252--263},
  year={2014},
  organization={IEEE}
}

@inproceedings{wei2011analysis,
  title={Analysis farm: A cloud-based scalable aggregation and query platform for network log analysis},
  author={Wei, Jianwen and Zhao, Yusu and Jiang, Kaida and Xie, Rui and Jin, Yaohui},
  booktitle={Cloud and Service Computing (CSC), 2011 International Conference on},
  pages={354--359},
  year={2011},
  organization={IEEE}
}

@inproceedings{prakash2016geo,
  title={Geo-identification of web users through logs using ELK stack},
  author={Prakash, Tarun and Kakkar, Misha and Patel, Kritika},
  booktitle={Cloud System and Big Data Engineering (Confluence), 2016 6th International Conference},
  pages={606--610},
  year={2016},
  organization={IEEE}
}

@inproceedings{tak2016logan,
  title={LOGAN: Problem Diagnosis in the Cloud Using Log-based Reference Models},
  author={Tak, Byung Chul and Tao, Shu and Yang, Lin and Zhu, Chao and Ruan, Yaoping},
  booktitle={Cloud Engineering (IC2E), 2016 IEEE International Conference on},
  pages={62--67},
  year={2016},
  organization={IEEE}
}

@inproceedings{saibharath2014design,
  title={Design and Implementation of a forensic framework for Cloud in OpenStack cloud platform},
  author={Saibharath, S and Geethakumari, G},
  booktitle={Advances in Computing, Communications and Informatics (ICACCI, 2014 International Conference on},
  pages={645--650},
  year={2014},
  organization={IEEE}
}

@inproceedings{meera2016event,
  title={Event Correlation for Log Analysis in the Cloud},
  author={Meera, G and Geethakumari, G},
  booktitle={Advanced Computing (IACC), 2016 IEEE 6th International Conference on},
  pages={158--162},
  year={2016},
  organization={IEEE}
}

@inproceedings{wei2011analysis,
  title={Analysis farm: A cloud-based scalable aggregation and query platform for network log analysis},
  author={Wei, Jianwen and Zhao, Yusu and Jiang, Kaida and Xie, Rui and Jin, Yaohui},
  booktitle={Cloud and Service Computing (CSC), 2011 International Conference on},
  pages={354--359},
  year={2011},
  organization={IEEE}
}
@misc{ELKIntro2017,
   author = {Jordan Sissel},
   title = {ELK Introduction},
   howpublished = {\url{https://www.elastic.co/webinars/introduction-elk-stack}}
}
